<record><leader>00000cas a22000007a 4500</leader><controlfield tag="001">12659990</controlfield><controlfield tag="008">851011d19121921wvudr ne      0    0eng d</controlfield><datafield ind1=" " ind2=" " tag="010"><subfield code="a">sn 85059540 </subfield></datafield><datafield ind1=" " ind2=" " tag="040"><subfield code="a">WVC</subfield><subfield code="b">eng</subfield><subfield code="c">WVC</subfield><subfield code="d">OCL</subfield><subfield code="d">OCLCQ</subfield></datafield><datafield ind1=" " ind2=" " tag="042"><subfield code="a">msc</subfield></datafield><datafield ind1="0" ind2=" " tag="130"><subfield code="a">World (Martinsburg, W. Va. : 1912)</subfield></datafield><datafield ind1="1" ind2="4" tag="245"><subfield code="a">The World.</subfield></datafield><datafield ind1=" " ind2=" " tag="260"><subfield code="a">Martinsburg, W. Va. :</subfield><subfield code="b">W.E. Hoffheins &amp; Co.,</subfield><subfield code="c">1912-</subfield></datafield><datafield ind1=" " ind2=" " tag="300"><subfield code="a">v.</subfield></datafield><datafield ind1=" " ind2=" " tag="310"><subfield code="a">Daily</subfield></datafield><datafield ind1="0" ind2=" " tag="362"><subfield code="a">Vol. 21, no. 208 (May 1, 1912)-</subfield></datafield><datafield ind1="1" ind2=" " tag="362"><subfield code="a">Ceased in 1921?</subfield><subfield code="z">Cf. W. Va. Legislative Handbook.</subfield></datafield><datafield ind1=" " ind2=" " tag="752"><subfield code="a">United States</subfield><subfield code="b">West Virginia</subfield><subfield code="c">Berkeley</subfield><subfield code="d">Martinsburg.</subfield></datafield><datafield ind1="0" ind2="0" tag="780"><subfield code="t">Evening world (Martinsburg, W. Va. : 1896)</subfield><subfield code="w">(DLC)sn 85059539</subfield></datafield></record>